[gd_scene load_steps=7 format=2]

[ext_resource path="res://scenes/player.tscn" type="PackedScene" id=1]
[ext_resource path="res://scenes/truffle.tscn" type="PackedScene" id=2]
[ext_resource path="res://scenes/GUI.tscn" type="PackedScene" id=3]
[ext_resource path="res://scenes/SpawnArea.tscn" type="PackedScene" id=4]
[ext_resource path="res://assets/textures/Kitchen_Tileset (Collisions).tres" type="TileSet" id=5]
[ext_resource path="res://assets/textures/Kitchen_Manual Tiles.tres" type="TileSet" id=6]

[node name="world" type="Node2D"]
position = Vector2( 32.8445, 212 )

[node name="player" parent="." instance=ExtResource( 1 )]
position = Vector2( 80, 32 )

[node name="truffles" type="Node" parent="."]
editor/display_folded = true

[node name="truffle" parent="truffles" instance=ExtResource( 2 )]
position = Vector2( 496.844, 308 )
nutrition = 10

[node name="truffle6" parent="truffles" instance=ExtResource( 2 )]
position = Vector2( 361.207, 1002.43 )
nutrition = 10

[node name="truffle7" parent="truffles" instance=ExtResource( 2 )]
position = Vector2( 289.477, 1005.44 )
nutrition = 10

[node name="truffle9" parent="truffles" instance=ExtResource( 2 )]
position = Vector2( 288.931, 933.16 )
nutrition = 10

[node name="truffle10" parent="truffles" instance=ExtResource( 2 )]
position = Vector2( 225.929, 971.888 )
nutrition = 10

[node name="truffle11" parent="truffles" instance=ExtResource( 2 )]
position = Vector2( 320.842, 967.525 )
nutrition = 10

[node name="truffle12" parent="truffles" instance=ExtResource( 2 )]
position = Vector2( 236.566, 1020.98 )
nutrition = 10

[node name="truffle13" parent="truffles" instance=ExtResource( 2 )]
position = Vector2( 264.385, 975.707 )
nutrition = 10

[node name="truffle14" parent="truffles" instance=ExtResource( 2 )]
position = Vector2( 231.111, 923.887 )
nutrition = 10

[node name="truffle15" parent="truffles" instance=ExtResource( 2 )]
position = Vector2( 257.021, 867.703 )
nutrition = 10

[node name="truffle16" parent="truffles" instance=ExtResource( 2 )]
position = Vector2( 192.383, 867.703 )
nutrition = 10

[node name="truffle17" parent="truffles" instance=ExtResource( 2 )]
position = Vector2( 178.473, 923.614 )
nutrition = 10

[node name="truffle27" parent="truffles" instance=ExtResource( 2 )]
position = Vector2( -19.534, 942.433 )
nutrition = 10

[node name="truffle28" parent="truffles" instance=ExtResource( 2 )]
position = Vector2( 89.8335, 1003.53 )
nutrition = 10

[node name="truffle29" parent="truffles" instance=ExtResource( 2 )]
position = Vector2( 55.4686, 966.161 )
nutrition = 10

[node name="truffle30" parent="truffles" instance=ExtResource( 2 )]
position = Vector2( 121.198, 869.339 )
nutrition = 10

[node name="truffle31" parent="truffles" instance=ExtResource( 2 )]
position = Vector2( 110.834, 912.704 )
nutrition = 10

[node name="truffle32" parent="truffles" instance=ExtResource( 2 )]
position = Vector2( 181.746, 1010.34 )
nutrition = 10

[node name="truffle33" parent="truffles" instance=ExtResource( 2 )]
position = Vector2( 61.1961, 884.885 )
nutrition = 10

[node name="truffle34" parent="truffles" instance=ExtResource( 2 )]
position = Vector2( 109.743, 966.979 )
nutrition = 10

[node name="truffle35" parent="truffles" instance=ExtResource( 2 )]
position = Vector2( 152.563, 995.344 )
nutrition = 10

[node name="truffle18" parent="truffles" instance=ExtResource( 2 )]
position = Vector2( 312.659, 882.976 )
nutrition = 10

[node name="truffle19" parent="truffles" instance=ExtResource( 2 )]
position = Vector2( 299.841, 834.156 )
nutrition = 10

[node name="truffle20" parent="truffles" instance=ExtResource( 2 )]
position = Vector2( 176.291, 834.156 )
nutrition = 10

[node name="truffle21" parent="truffles" instance=ExtResource( 2 )]
position = Vector2( -8.35175, 899.068 )
nutrition = 10

[node name="truffle22" parent="truffles" instance=ExtResource( 2 )]
position = Vector2( 152.654, 956.069 )
nutrition = 10

[node name="truffle23" parent="truffles" instance=ExtResource( 2 )]
position = Vector2( 15.3764, 1002.43 )
nutrition = 10

[node name="truffle24" parent="truffles" instance=ExtResource( 2 )]
position = Vector2( 38.8317, 936.432 )
nutrition = 10

[node name="truffle25" parent="truffles" instance=ExtResource( 2 )]
position = Vector2( 231.384, 804.428 )
nutrition = 10

[node name="truffle26" parent="truffles" instance=ExtResource( 2 )]
position = Vector2( 375.389, 881.612 )
nutrition = 10

[node name="truffle8" parent="truffles" instance=ExtResource( 2 )]
position = Vector2( 358.752, 930.16 )
nutrition = 10

[node name="truffle2" parent="truffles" instance=ExtResource( 2 )]
position = Vector2( 576, 308 )
nutrition = 10

[node name="truffle3" parent="truffles" instance=ExtResource( 2 )]
position = Vector2( 672, 308 )
nutrition = 10

[node name="truffle4" parent="truffles" instance=ExtResource( 2 )]
position = Vector2( 736, 308 )
nutrition = 10

[node name="truffle5" parent="truffles" instance=ExtResource( 2 )]
position = Vector2( 864, 308 )
nutrition = 10

[node name="GUI" parent="." instance=ExtResource( 3 )]

[node name="Area2D" parent="." instance=ExtResource( 4 )]
editor/display_folded = true
position = Vector2( 991.156, -23.1555 )

[node name="Area2D2" parent="." instance=ExtResource( 4 )]
editor/display_folded = true
position = Vector2( 591.156, -23.1555 )

[node name="Autotiles" type="TileMap" parent="."]
scale = Vector2( 4, 4 )
tile_set = ExtResource( 5 )
cell_size = Vector2( 16, 16 )
format = 1
tile_data = PoolIntArray( 65536, 0, 1, 65537, 0, 65536, 65538, 0, 65536, 65539, 0, 65536, 65540, 0, 65536, 65541, 0, 65536, 131072, 0, 131073, 131073, 0, 196619, 131074, 0, 196619, 131075, 0, 196619, 131076, 0, 196619, 131077, 0, 65539, 131078, 0, 65536, 131079, 0, 65536, 131080, 0, 65536, 131081, 0, 65536, 131082, 0, 65536, 131083, 0, 65536, 131084, 0, 65536, 131085, 0, 2, 196608, 0, 131073, 196609, 0, 196619, 196610, 0, 196619, 196611, 0, 196619, 196612, 0, 196619, 196613, 0, 196619, 196614, 0, 196619, 196615, 0, 196619, 196616, 0, 196619, 196617, 0, 196619, 196618, 0, 196619, 196619, 0, 196619, 196620, 0, 196619, 196621, 0, 131074, 262144, 0, 65537, 262145, 0, 131072, 262146, 0, 65536, 262147, 0, 4, 262148, 0, 196619, 262149, 0, 196619, 262150, 0, 196619, 262151, 0, 196619, 262152, 0, 3, 262153, 0, 65536, 262154, 0, 131072, 262155, 0, 131072, 262156, 0, 131072, 262157, 0, 65538, 327683, 0, 65536, 327684, 0, 131072, 327685, 0, 131072, 327686, 0, 131072, 327687, 0, 131072, 327688, 0, 65536 )

[node name="Manual Tiles" type="TileMap" parent="."]
scale = Vector2( 4, 4 )
tile_set = ExtResource( 6 )
cell_size = Vector2( 16, 16 )
format = 1
tile_data = PoolIntArray( 65541, 2, 0, 262146, 7, 0, 262153, 7, 0, 327683, 6, 0, 327688, 8, 0 )
[connection signal="updateHealth" from="player" to="GUI" method="update_health"]
